% Encoding: UTF-8

@Article{Rogala_2016,
  author    = {Jacek Rogala and Katarzyna Jurewicz and Katarzyna Paluch and Ewa Kublik and Ryszard Cetnarski and Andrzej Wr{\'{o}}bel},
  journal   = {Frontiers in Human Neuroscience},
  title     = {The Do{\textquotesingle}s and Don{\textquotesingle}ts of Neurofeedback Training: A Review of the Controlled Studies Using Healthy Adults},
  year      = {2016},
  month     = jun,
  volume    = {10},
  doi       = {10.3389/fnhum.2016.00301},
  groups    = {BCI},
  publisher = {Frontiers Media {SA}},
}

@Unpublished{Robertson_2013,
  author  = {Kate Robertson, Alex Macdonald},
  title   = {Preventing falls in care homes},
  year    = {2013},
  groups  = {Falls review},
  journal = {GM},
  url     = {https://www.gmjournal.co.uk/preventing-falls-in-care-homes},
}

@Manual{NHSFalls_2018,
  title  = {Overview: Falls},
  author = {NHS},
  month  = apr,
  year   = {2018},
  groups = {Falls review},
  url    = {https://www.nhs.uk/conditions/falls/},
}

@Article{Martin_2012,
  author    = {Kara L. Martin and Leigh Blizzard and Amanda G. Wood and Velandai Srikanth and Russell Thomson and Lauren M. Sanders and Michele L. Callisaya},
  journal   = {The Journals of Gerontology: Series A},
  title     = {Cognitive Function, Gait, and Gait Variability in Older People: A Population-Based Study},
  year      = {2012},
  month     = oct,
  number    = {6},
  pages     = {726--732},
  volume    = {68},
  doi       = {10.1093/gerona/gls224},
  groups    = {Gait and cognitive function},
  publisher = {Oxford University Press ({OUP})},
}

@Article{Yogev_Seligmann_2007,
  author    = {Galit Yogev-Seligmann and Jeffrey M. Hausdorff and Nir Giladi},
  journal   = {Movement Disorders},
  title     = {The role of executive function and attention in gait},
  year      = {2007},
  month     = dec,
  number    = {3},
  pages     = {329--342},
  volume    = {23},
  doi       = {10.1002/mds.21720},
  groups    = {Gait and cognitive function},
  publisher = {Wiley},
}

@Article{Laurence_2017,
  author    = {Bernard Demanze Laurence and Lacour Michel},
  journal   = {Current Aging Science},
  title     = {The Fall in Older Adults: Physical and Cognitive Problems},
  year      = {2017},
  month     = jul,
  number    = {3},
  volume    = {10},
  doi       = {10.2174/1874609809666160630124552},
  groups    = {Gait and cognitive function},
  publisher = {Bentham Science Publishers Ltd.},
}

@Article{Zhang_2019,
  author    = {Weihong Zhang and Lee-Fay Low and Michael Schwenk and Nicholas Mills and Josephine~Diana Gwynn and Lindy Clemson},
  journal   = {Dementia and Geriatric Cognitive Disorders},
  title     = {Review of Gait, Cognition, and Fall Risks with Implications for Fall Prevention in Older Adults with Dementia},
  year      = {2019},
  number    = {1-2},
  pages     = {17--29},
  volume    = {48},
  doi       = {10.1159/000504340},
  groups    = {Gait and cognitive function},
  publisher = {S. Karger {AG}},
}

@Article{Borowicz_2016,
  author    = {Adrianna Borowicz and Ewa Zasadzka and Agnieszka Gaczkowska and Olga Gaw{\l}owska and Mariola Pawlaczyk},
  journal   = {Journal of Physical Therapy Science},
  title     = {Assessing gait and balance impairment in elderly residents of nursing homes},
  year      = {2016},
  number    = {9},
  pages     = {2486--2490},
  volume    = {28},
  doi       = {10.1589/jpts.28.2486},
  groups    = {Risk factors of fall},
  publisher = {Society of Physical Therapy Science},
}

@Article{PreventionofFalls2011,
  author    = {Panel on Prevention of Falls in Older Persons, American Geriatrics Society and British Geriatrics Society},
  journal   = {Journal of the American Geriatrics Society},
  title     = {Summary of the Updated American Geriatrics Society/British Geriatrics Society Clinical Practice Guideline for Prevention of Falls in Older Persons},
  year      = {2011},
  month     = jan,
  number    = {1},
  pages     = {148--157},
  volume    = {59},
  doi       = {10.1111/j.1532-5415.2010.03234.x},
  groups    = {Risk assessment},
  publisher = {Wiley},
}

@Article{Kikkert_2017,
  author    = {Lisette H. J. Kikkert and Maartje H. de Groot and Jos P. van Campen and Jos H. Beijnen and Tibor Hortob{\'{a}}gyi and Nicolas Vuillerme and Claudine C. J. Lamoth},
  journal   = {{PLOS} {ONE}},
  title     = {Gait dynamics to optimize fall risk assessment in geriatric patients admitted to an outpatient diagnostic clinic},
  year      = {2017},
  month     = jun,
  number    = {6},
  pages     = {e0178615},
  volume    = {12},
  doi       = {10.1371/journal.pone.0178615},
  editor    = {Miklos S. Kellermayer},
  groups    = {Risk assessment},
  publisher = {Public Library of Science ({PLoS})},
}

@Article{Park_2017,
  author    = {Seong-Hi Park},
  journal   = {Aging Clinical and Experimental Research},
  title     = {Tools for assessing fall risk in the elderly: a systematic review and meta-analysis},
  year      = {2017},
  month     = apr,
  number    = {1},
  pages     = {1--16},
  volume    = {30},
  doi       = {10.1007/s40520-017-0749-0},
  groups    = {Risk assessment},
  publisher = {Springer Science and Business Media {LLC}},
}

@Article{Mirelman_2012,
  author    = {Anat Mirelman and Talia Herman and Marina Brozgol and Moran Dorfman and Elliot Sprecher and Avraham Schweiger and Nir Giladi and Jeffrey M. Hausdorff},
  journal   = {{PLoS} {ONE}},
  title     = {Executive Function and Falls in Older Adults: New Findings from a Five-Year Prospective Study Link Fall Risk to Cognition},
  year      = {2012},
  month     = jun,
  number    = {6},
  pages     = {e40297},
  volume    = {7},
  doi       = {10.1371/journal.pone.0040297},
  editor    = {Jerson Laks},
  groups    = {Risk assessment},
  publisher = {Public Library of Science ({PLoS})},
}

@Comment{jabref-meta: databaseType:bibtex;}

@Comment{jabref-meta: grouping:
0 AllEntriesGroup:;
1 StaticGroup:Falls review\;0\;1\;0x001a80ff\;\;\;;
2 StaticGroup:Gait and cognitive function\;0\;1\;0x0000ffff\;\;\;;
2 StaticGroup:Risk factors of fall\;0\;1\;0x99b3ffff\;\;\;;
2 StaticGroup:Risk assessment\;0\;1\;0x1a3399ff\;\;\;;
1 StaticGroup:BCI\;0\;1\;0xe64d4dff\;\;\;;
}
